%! Author = smen851
%! Date = 11/07/2024

@ARTICLE{PradoCrosspolar2017,
    author = {Prado, Daniel R. and Arrebola, Manuel and Pino, Marcos R. and Florencio, Rafael and Boix, Rafael R. and Encinar, José A. and Las-Heras, Fernando},
    journal = {IEEE Transactions on Antennas and Propagation},
    title = {Efficient {C}rosspolar {O}ptimization of {S}haped-{B}eam {D}ual-{P}olarized {R}eflectarrays {U}sing {F}ull--{W}ave {A}nalysis for the {A}ntenna {E}lement {C}haracterization},
    year = {2017},
    volume = {65},
    number = {2},
    pages = {623-635},
    DOI = {10.1109/TAP.2016.2633950} }

@Article{PradoDatabase2022,
    AUTHOR = {Prado, Daniel R. and López-Fernández, Jesús A. and Arrebola, Manuel},
    TITLE = {Efficient General Reflectarray Design and Direct Layout Optimization with a Simple and Accurate Database Using Multilinear Interpolation},
    JOURNAL = {Electronics},
    VOLUME = {11},
    YEAR = {2022},
    NUMBER = {2},
    ARTICLE-NUMBER = {191},
    URL = {https://www.mdpi.com/2079-9292/11/2/191},
    ISSN = {2079-9292},
    DOI = {10.3390/electronics11020191}
}

@INPROCEEDINGS{marco,
    author = {Hodges, Richard E. and Chahat, Nacer E. and Hoppe, Daniel J. and Vacchione, Joseph D.},
    booktitle = {2016 IEEE International Symposium on Antennas and Propagation (APSURSI)},
    title = {The Mars Cube One deployable high gain antenna},
    year = {2016},
    volume = {},
    number = {},
    pages = {1533-1534},
    keywords = {Antenna measurements;Antenna radiation patterns;Feeds;Space vehicles;Fasteners;Mars},
    doi = {10.1109/APS.2016.7696473} }

@INPROCEEDINGS{isara,
    author = {Hodges, Richard E. and Radway, Matthew J. and Toorian, Armen and Hoppe, Daniel J. and Shah, Biren and Kalman, Andrew E.},
    booktitle = {2015 IEEE International Symposium on Antennas and Propagation & USNC/URSI National Radio Science Meeting},
    title = {ISARA - Integrated Solar Array and Reflectarray CubeSat deployable Ka-band antenna},
    year = {2015},
    volume = {},
    number = {},
    pages = {2141-2142},
    keywords = {Antenna measurements;Arrays;Reflector antennas;Gain;Antenna radiation patterns;Space vehicles;Feeds},
    doi = {10.1109/APS.2015.7305460} }


@ARTICLE{Guarrielllo,
    author = {Guarriello, Andrea and Loison, Renaud and Bresciani, Daniele and Legay, Hervé and Goussetis, George},
    journal = {IEEE Transactions on Antennas and Propagation},
    title = {Structural and Radio Frequency Co-Design and Optimization of Large Deployable Reflectarrays for Space Missions},
    year = {2023},
    volume = {71},
    number = {5},
    pages = {3916-3927},
    keywords = {Radio frequency;Thermal loading;Fasteners;Thermal stability;Loaded antennas;Geometry;Finite element analysis;Contoured beam;large deployable reflectarray (RA);optimization;phoenix cells;satellite antenna;thermoelastic deformation (TED)},
    doi = {10.1109/TAP.2023.3247940} }

@ARTICLE{MetaTutorialLiu2023,
    author = {Liu, Fu and Kwon, Do-Hoon and Tretyakov, Sergei},
    journal = {IEEE Antennas and Propagation Magazine},
    title = {Reflectarrays and Metasurface Reflectors as Diffraction Gratings: A tutorial},
    year = {2023},
    volume = {65},
    number = {3},
    pages = {21-32},
    keywords = {Current distribution;Diffraction;Metasurfaces;Harmonic analysis;Diffraction gratings;Reflection;Phased arrays;Tutorials},
    doi = {10.1109/MAP.2023.3236278} }


@ARTICLE{rapozar,
    author = {Pozar, D.M. and Targonski, S.D. and Syrigos, H.D.},
    journal = {IEEE Transactions on Antennas and Propagation},
    title = {Design of millimeter wave microstrip reflectarrays},
    year = {1997},
    volume = {45},
    number = {2},
    pages = {287-296},
    doi = {10.1109/8.560348} }

@ARTICLE{swot,
    author = {Hodges, Richard E. and Chen, Jacqueline C. and Radway, Matthew R. and Amaro, Luis R. and Khayatian, Behrouz and Munger, Jason},
    journal = {IEEE Antennas and Propagation Magazine},
    title = {An Extremely Large Ka-Band Reflectarray Antenna for Interferometric Synthetic Aperture Radar: Enabling Next-Generation Satellite Remote Sensing},
    year = {2020},
    volume = {62},
    number = {6},
    pages = {23-33},
    doi = {10.1109/MAP.2020.2976319} }

@BOOK{NayeriRAbook,
    author = {Payam Nayeri, Fan Yang, Atef Z. Elsherbeni},
    publisher = {John Wiley & Sons, Ltd},
    isbn = {9781118846728},
    title = {Front Matter},
    booktitle = {Reflectarray Antennas},
    doi = {https://doi.org/10.1002/9781118846728.fmatter},
    url = {https://onlinelibrary.wiley.com/doi/abs/10.1002/9781118846728.fmatter},
    eprint = {https://onlinelibrary.wiley.com/doi/pdf/10.1002/9781118846728.fmatter},
    year = {2018},
    abstract = {The prelims comprise: Half-Title Page Title Page Copyright Page Dedication Page Table of Contents Foreword Preface Acknowledgments}
}

@Article{secondphoenix,
 authors={Vincent Richard, Renaud Loison, Raphael Gillard, Hervé Legay, Maxime Romier, Jean-Paul Martinaud, Daniele Bresciani, Fabien Delepaux},
 title={SPHERICAL MAPPING OF THE SECOND-ORDER PHOENIX CELL FOR UNBOUNDED DIRECT REFLECTARRAY COPOLAR OPTIMIZATION},
 volume={90},
 journal={Progress In Electromagnetics Research C},
 year={2019},
 pages={109-124},
 doi={10.2528/PIERC18102303}
 }



@ARTICLE{DLRjournal,
    author = {Ustalli, Nertjana and Krieger, Gerhard and Villano, Michelangelo},
    journal = {IEEE Journal of Selected Topics in Applied Earth Observations and Remote Sensing},
    title = {A Low-Power, Ambiguous Synthetic Aperture Radar Concept for Continuous Ship Monitoring},
    year = {2022},
    volume = {15},
    number = {},
    pages = {1244-1255},
    doi = {10.1109/JSTARS.2021.3136935},
    sortkey = {02} }

@ARTICLE{JAN,
    author = {Krecke, Jan and Villano, Michelangelo and Ustalli, Nertjana and Austin, Andrew C. M. and Cater, John E. and Krieger, Gerhard},
    journal = {IEEE Journal of Selected Topics in Applied Earth Observations and Remote Sensing},
    title = {{D}etecting {S}hips in the {N}ew {Z}ealand {E}xclusive {E}conomic {Z}one: {R}equirements for a {D}edicated {S}mall{S}at {SAR} {M}ission},
    year = {2021},
    volume = {14},
    number = {},
    pages = {3162-3169},
    doi = {10.1109/JSTARS.2021.3062858},
    sortkey = {01}
}


